<record><leader>00000cas a2200000 a 4500</leader><controlfield tag="001">11139422</controlfield><controlfield tag="008">840911d18911905ksuwr ne      0   a0eng d</controlfield><datafield ind1=" " ind2=" " tag="010"><subfield code="a">sn 84029680 </subfield></datafield><datafield ind1=" " ind2=" " tag="040"><subfield code="a">KSH</subfield><subfield code="b">eng</subfield><subfield code="c">KSH</subfield><subfield code="d">NPT</subfield><subfield code="d">OCL</subfield><subfield code="d">NPT</subfield><subfield code="d">OCL</subfield><subfield code="d">OCLCQ</subfield></datafield><datafield ind1=" " ind2=" " tag="042"><subfield code="a">msc</subfield></datafield><datafield ind1="0" ind2=" " tag="130"><subfield code="a">Ellis review-headlight (Ellis, Kan. : 1891)</subfield></datafield><datafield ind1="1" ind2="0" tag="245"><subfield code="a">Ellis review-headlight.</subfield></datafield><datafield ind1=" " ind2=" " tag="260"><subfield code="a">Ellis, Kan. :</subfield><subfield code="b">Frank J. Brettle,</subfield><subfield code="c">1891-1905.</subfield></datafield><datafield ind1=" " ind2=" " tag="300"><subfield code="a">14 v. :</subfield><subfield code="b">ill. ;</subfield><subfield code="c">49-60 cm.</subfield></datafield><datafield ind1=" " ind2=" " tag="310"><subfield code="a">Weekly</subfield></datafield><datafield ind1="0" ind2=" " tag="362"><subfield code="a">Vol. 6, no. 19 (Feb. 27, 1891)-v. 19, no. 52 (Nov. 3, 1905).</subfield></datafield><datafield ind1=" " ind2=" " tag="500"><subfield code="a">Publisher varies.</subfield></datafield><datafield ind1=" " ind2=" " tag="752"><subfield code="a">United States</subfield><subfield code="b">Kansas</subfield><subfield code="c">Ellis</subfield><subfield code="d">Ellis.</subfield></datafield><datafield ind1="0" ind2="0" tag="780"><subfield code="t">Review-headlight (Ellis, Kan. : 1890)</subfield><subfield code="w">(DLC)sn 86064523</subfield></datafield><datafield ind1="0" ind2="0" tag="785"><subfield code="t">Review-headlight (Ellis, Kan. : 1905)</subfield><subfield code="w">(DLC)sn 86064524</subfield></datafield></record>